@FOOTNOTE{Note1,key="Note1",note="Sibley School of Mechanical and Aerospace Engineering, bzr3@cornell.edu, and AIAA Student Member"}
@FOOTNOTE{Note2,key="Note2",note="Associate Professor, Sibley School of Mechanical and Aerospace Engineering, Full Member"}
